


@misc{powerconsumption,
  title = {How much energy does the world consume?},
  howpublished = {\url{https://ourworldindata.org/energy-production-consumption}},
  note = {Accessed: 2022-09-16}
}

@misc{powerconsumptiongraph,
  title = {Net Zero by 2050},
  howpublished = {\url{https://www.iea.org/reports/net-zero-by-2050}},
  note = {Accessed: 2022-11-07}
}


@misc{fatiguelink,
  title = {Fatigue load calculation},
  howpublished = {\url{https://toolbox.pages.windenergy.dtu.dk/WindEnergyToolbox/fatigue_tools/fatigue_nb.html}},
  note = {Accessed: 2022-09-16}
}

@misc{ellipsys,
  title = {EllipSys3D},
  howpublished = {\url{https://the-numerical-wind-tunnel.dtu.dk/ellipsys}},
  note = {Accessed: 2022-09-24}
}

@misc{turbineref,
  title = {IEA10MW},
  howpublished = {\url{https://www.nrel.gov/docs/fy19osti/73492.pdf}},
  note = {Accessed: 2022-09-25}
}


@misc{rainflowref,
  title = {Rainflow counting},
  howpublished = {\url{https://www.sciencedirect.com/topics/engineering/rainflow-counting}},
  note = {Accessed: 2022-11-09}
}


@misc{dimentionlesspower,
  title = {Power number},
  howpublished = {\url{https://en.wikipedia.org/wiki/Power_number}},
  note = {Accessed: 2022-11-09}
}

@misc{betzlimit,
  title = {Betz limit},
  howpublished = {\url{https://energyeducation.ca/encyclopedia/Betz_limit}},
  note = {Accessed: 2022-11-09}
}

@misc{actuatordisk,
  title = {Actuator disk},
  howpublished = {\url{https://www.sciencedirect.com/topics/earth-and-planetary-sciences/actuator-disk}},
  note = {Accessed: 2022-11-09}
}



@article{charles,
  author  = "Charles Marie J Debusscher, Tuhfe Göcmen,Søren Juhl Andersen",
  title   = "Probabilistic surrogates for flow control using
combined control strategies",
  year    = 2022
}


@article{maxlikelihood,
  author  = "Nawal Adlina Mohd Ikbal, Syafrina Abdul Halim*, Norhaslinda Ali",
  title   = "Estimating Weibull Parameters Using Maximum Likelihood Estimation and Ordinary Least Squares: Simulation Study and Application on Meteorological Data",
  year    = 2022
}

@misc{scipy,
  title = {Scipy weibull_min documentation},
  howpublished = {\url{https://docs.scipy.org/doc/scipy/reference/generated/scipy.stats.weibull_min.html}},
  note = {Accessed: 2022-11-20}
}

@misc{weibull,
  title = {Weibull distribution},
  howpublished = {\url{https://en.wikipedia.org/wiki/Weibull_distribution}},
  note = {Accessed: 2022-11-20}
}

@article{wakebreakdown,
  author  = "M. Carrión, M. Woodgate, R. Steijl and G. N. Barakos",
  title   = "Understanding Wind-Turbine Wake Breakdown Using Computational Fluid Dynamics",
  year    = 2015
}

@article{modal,
  author  = "Jon Juel Thomsen",
  title   = "Modalanalyse for kontinuerte systemer",
  year    = 2021
}


@article{smallturbine,
  author  = "Markkilde Petersen, Søren",
  title   = "Wind turbine test Vestas V27-225 kW",
  year    = 1990
}

@misc{LES,
  title = {Large eddy simulation},
  howpublished = {\url{https://en.wikipedia.org/wiki/Large_eddy_simulation}},
  note = {Accessed: 2022-11-20}
}


@misc{BEM,
  title = {Blade element theory},
  howpublished = {\url{http://www.aerodynamics4students.com/propulsion/blade-element-propeller-theory.php}},
  note = {Accessed: 2022-11-20}
}


@misc{3blue1brown,
  title = {Backpropagation calculus},
  howpublished = {\url{https://www.3blue1brown.com/lessons/backpropagation-calculus}},
  note = {Accessed: 2022-11-20}
}



@article{activationfunction,
  author  = "Siddharth Sharma, Anidhya Athaiya",
  title   = "Activation functions in neural networks",
  year    = 2020
}
